@misc{Gundersen_2019,
	author = {Gregory Gundersen},
	title = {Why {M}etropolis-{H}astings {W}orks},
	howpublished = {\url{https://gregorygundersen.com/blog/2019/11/02/metropolis-hastings/#bishop2006pattern}},
	year = {2019},
    month = {Nov},
	note = {[Accessed 24-07-2024]},
}
@Article{nano13131995,
AUTHOR = {Osipov, Vladimir Yu. and Boukhvalov, Danil W. and Takai, Kazuyuki},
TITLE = {Isolated Spin-7/2 Species of Gadolinium (III) Chelate Complexes on the Surface of 5-nm Diamond Particles},
JOURNAL = {Nanomaterials},
VOLUME = {13},
YEAR = {2023},
NUMBER = {13},
ARTICLE-NUMBER = {1995},
URL = {https://www.mdpi.com/2079-4991/13/13/1995},
PubMedID = {37446511},
ISSN = {2079-4991},
DOI = {10.3390/nano13131995}
}